@Manual{Walker2015,
  title = {openxlsx: Read, Write and Edit XLSX Files},
  author = {Alexander Walker},
  year = {2015},
  note = {R package version 2.4.0},
  url = {http://CRAN.R-project.org/package=openxlsx},
}
@Book{xie2013dynamic,
  title = {Dynamic Documents with {R} and knitr},
  author = {Yihui Xie},
  publisher = {Chapman and Hall/CRC},
  address = {Boca Raton, Florida},
  year = {2013},
  note = {ISBN 978-1482203530},
  url = {http://yihui.name/knitr/},
}
@data{language2015,
  title = {R: A Language and Environment for Statistical Computing},
  author = {{R Core Team}},
  organization = {R Foundation for Statistical Computing},
  address = {Vienna, Austria},
  year = {2015},
  URL = {https://www.R-project.org/},
}
@article{Schloss2009,
  doi = {10.1128/aem.01541-09},
  url = {http://dx.doi.org/10.1128/AEM.01541-09},
  year  = {2009},
  month = {oct},
  publisher = {American Society for Microbiology},
  volume = {75},
  number = {23},
  pages = {7537--7541},
  author = {P. D. Schloss and S. L. Westcott and T. Ryabin and J. R. Hall and M. Hartmann and E. B. Hollister and R. A. Lesniewski and B. B. Oakley and D. H. Parks and C. J. Robinson and J. W. Sahl and B. Stres and G. G. Thallinger and D. J. Van Horn and C. F. Weber},
  title = {Introducing mothur: Open-Source,  Platform-Independent,  Community-Supported Software for Describing and Comparing Microbial Communities},
  journal = {Applied and Environmental Microbiology}
}
@article{Pruesse2007,
  doi = {10.1093/nar/gkm864},
  url = {http://dx.doi.org/10.1093/nar/gkm864},
  year  = {2007},
  month = {nov},
  publisher = {Oxford University Press ({OUP})},
  volume = {35},
  number = {21},
  pages = {7188--7196},
  author = {E. Pruesse and C. Quast and K. Knittel and B. M. Fuchs and W. Ludwig and J. Peplies and F. O. Glockner},
  title = {{SILVA}: a comprehensive online resource for quality checked and aligned ribosomal {RNA} sequence data compatible with {ARB}},
  journal = {Nucleic Acids Research}
}
